<?xml version="1.0" encoding="UTF-8"?><collection xmlns="http://www.loc.gov/MARC21/slim"><record><leader>00477nam--2200169-i-4500</leader><controlfield tag="001">000017128</controlfield><controlfield tag="002">20161230</controlfield><controlfield tag="005">20170211142618</controlfield><controlfield tag="008">060222s1000------------r-----000-0-eng-d</controlfield><datafield ind1=" " ind2=" " tag="100"><subfield code="a">Cleveland, Frank</subfield></datafield><datafield ind1=" " ind2=" " tag="245"><subfield code="a">Radiation observations in Bergen, Norway (=60 24 n, =5 19 e, h=4 5m)</subfield></datafield><datafield ind1=" " ind2=" " tag="260"><subfield code="a">Bergen</subfield><subfield code="b">Universitat</subfield><subfield code="c">1990</subfield></datafield><datafield ind1=" " ind2=" " tag="300"><subfield code="a">55 p</subfield></datafield><datafield ind1=" " ind2=" " tag="490"><subfield code="a">Radiation Yearbook</subfield></datafield><datafield ind1=" " ind2=" " tag="700"><subfield code="a">Tor De Langeeand Skartveit, Arvid</subfield></datafield><datafield ind1=" " ind2=" " tag="852"><subfield code="a">523.9.7</subfield></datafield><datafield ind1=" " ind2=" " tag="CAT"><subfield code="a">SYS</subfield><subfield code="c">20170211</subfield><subfield code="h">142618</subfield></datafield></record></collection>